@article{da1999gauss,
  title={Gauss' law in image processing and analysis via fast numerical calculation of vector fields},
  author={da Fontoura Costa, Luciano},
  journal={Real-Time Imaging},
  volume={5},
  number={4},
  pages={243--251},
  year={1999},
  publisher={Elsevier}
}

@inproceedings{homem2004skeletonization,
  title={Skeletonization of two-dimensional shapes via fast numerical calculation of vector fields},
  author={Homem, Murillo RP and Costa, Luciano da F and Mascarenhas, Nelson DA},
  booktitle={Proceedings. 17th Brazilian Symposium on Computer Graphics and Image Processing},
  pages={106--112},
  year={2004},
  organization={IEEE}
}

%%%%%
@inproceedings{Verhoeven:RodMesh:2019,
author = {Floor Verhoeven and Olga Sorkine-Hornung},
title = {RodMesh: Two-handed 3D Surface Modeling in Virtual Reality},
booktitle = {Proceedings of the Symposium on Vision, Modeling and Visualization (VMV)},
publisher = {Eurographics Association},
year = {2019},
}
@inproceedings{Wolff:RSiTSP:2019,
author = {Katja Wolff and Philipp Herholz and Olga Sorkine-Hornung},
title = {Reï¬‚ection Symmetry in Textured Sewing Patterns},
booktitle = {Proceedings of the Symposium on Vision, Modeling and Visualization (VMV)},
publisher = {Eurographics Association},
year = {2019},
}
@article{CDW19blindsr,
author = {Cornill{\`e}re, Victor and
Djelouah, Abdelaziz and
Yifan, Wang and
Sorkine-Hornung, Olga and
Schroers, Christopher},
title = {Blind image super resolution with spatially variant degradations},
journal = {ACM Transactions on Graphics (proceedings of ACM SIGGRAPH ASIA)},
volume = {38},
number = {6},
year = {2019},
}
@article{Yifan:DSS:2019,
author = {Yifan, Wang and
Serena, Felice and
Wu, Shihao and
{\"{O}}ztireli, Cengiz and
Sorkine{-}Hornung, Olga},
title = {Differentiable Surface Splatting for Point-based Geometry Processing},
journal = {ACM Transactions on Graphics (proceedings of ACM SIGGRAPH ASIA)},
volume = {38},
number = {6},
year = {2019},
}
@article{Rabinovich:CurvedFolds:2019,
author = {Michael Rabinovich and Tim Hoffmann and Olga Sorkine{-}Hornung},
title = {Modeling Curved Folding with Freeform Deformations},
journal = {ACM Transactions on Graphics (proceedings of ACM SIGGRAPH ASIA)},
volume = {38},
number = {6},
year = {2019},
}
@article{Wolff:Aligned-Seams:2019,
author = {Katja Wolff and Olga Sorkine{-}Hornung},
title = {Wallpaper Pattern Alignment along Garment Seams},
journal = {ACM Transactions on Graphics (Proceedings of ACM SIGGRAPH)},
volume = {38},
number = {4},
year = {2019},
}
@article{Glauser:Stretch-Glove:2019,
author = {Oliver Glauser and Shihao Wu and Daniele Panozzo and Otmar Hilliges and Olga Sorkine{-}Hornung},
title = {Interactive Hand Pose Estimation using a Stretch-Sensing Soft Glove},
journal = {ACM Transactions on Graphics (Proceedings of ACM SIGGRAPH)},
volume = {38},
number = {4},
year = {2019},
}
@inproceedings{PatchPointupsamling:2019,
title={Patch-based Progressive 3{D} Point Set Upsampling},
author={Yifan, Wang and Wu, Shihao and Huang, Hui and Cohen-Or, Daniel and Sorkine-Hornung, Olga},
booktitle = {Proc.\ CVPR},
note={arXiv preprint arXiv:1811.11286},
year={2019}
}
article{Glauser:SensorArrays:2019,
author = {Oliver Glauser and Daniele Panozzo and Otmar Hilliges and Olga Sorkine{-}Hornung},
title = {Deformation Capture via Self-Sensing Capacitive Arrays},
journal = {ACM Trans. Graph.},
issue_date = {April 2019},
year = {2019},
volume = {38},
number = {2},
issn = {0730-0301},
pages = {16:1--16:16},
doi = {10.1145/3311972},
}
@article{Rabinovich:DogShapeSpace:2018,
author = {Michael Rabinovich and Tim Hoffmann and Olga Sorkine-Hornung},
title = {The Shape Space of Discrete Orthogonal Geodesic Nets},
journal = {ACM Transactions on Graphics (proceedings of ACM SIGGRAPH ASIA)},
volume = {37},
number = {6},
year = {2018},
}
@article{Soler:CosseratRods:2018,
author = {Carlota Soler and Tobias Martin and Olga Sorkine-Hornung},
title = {Cosserat rods with projective dynamics},
journal = {Computer Graphics Forum (proceedings of SCA issue)},
volume = {37},
number = {8},
year = {2018},
}
@article{Schueller:Zippables:2018,
author = {Christian Sch\"uller and Roi Poranne and Olga Sorkine-Hornung},
title = {Shape Representation by Zippables},
journal = {ACM Transactions on Graphics (Proceedings of ACM SIGGRAPH)},
volume = {37},
number = {4},
year = {2018},
}
@inproceedings{wang2018fully,
title={A fully progressive approach to single-image super-resolution},
author={Wang, Yifan and Perazzi, Federico and McWilliams, Brian and Sorkine-Hornung, Alexander and Sorkine-Hornung, Olga and Schroers, Christopher},
booktitle={Proceedings of the IEEE Conference on Computer Vision and Pattern Recognition Workshops},
pages={864--873},
year={2018}
}
@article{Wolff:PackableSprings:2018,
author = {Katja Wolff and Roi Poranne and Oliver Glauser and Olga Sorkine-Hornung},
title = {Packable Springs},
journal = {Computer Graphics Forum (proceedings of EUROGRAPHICS issue)},
volume = {37},
number = {2},
year = {2018},
}
@article{Rabinovich:DogNets:2018,
author = {Michael Rabinovich and Tim Hoffmann and Olga Sorkine-Hornung},
title = {Discrete Geodesic Nets for Modeling Developable Surfaces},
journal = {ACM Transactions on Graphics},
volume = {37},
number = {2},
year = {2018},
}
@article{Poranne:Autocuts:2017,
author = {Roi Poranne and Marco Tarini and Sandro Huber and Daniele Panozzo and Olga Sorkine-Hornung},
title = {Autocuts: Simultaneous Distortion and Cut Optimization for UV Mapping},
journal = {ACM Transactions on Graphics (proceedings of ACM SIGGRAPH ASIA)},
year = {2017},
volume = {36},
number = {6},
}
@article{Shtengel:GOvCM:2017,
author = {Anna Shtengel and Roi Poranne and Olga Sorkine-Hornung and Shahar Kovalsky and Yaron Lipman},
title = {Geometric Optimization via Composite Majorization},
journal = {ACM Transactions on Graphics (proceedings of ACM SIGGRAPH issue)},
year = {2017},
volume = {36},
number = {4},
pages = {38:1--38:11},
}
@article{Rabinovich:SLIM:2017,
author = {Michael Rabinovich and Roi Poranne and Daniele Panozzo and Olga Sorkine-Hornung},
title = {Scalable Locally Injective Mappings},
journal = {ACM Transactions on Graphics},
year = {2017},
volume = {36},
number = {2},
month = apr,
pages = {16:1--16:16},
}
@article{Pal:Parchment:2016,
author = {Pal, Kazim and Avery, Nicole and Boston, Pete and Campagnolo, Alberto and De Stefani, Caroline and Matheson-Pollock, Helen and Panozzo, Daniele and Payne, Matthew and Sch{\"u}ller, Christian and Sanderson, Chris and Scott, Chris and Smith, Philippa and Smither, Rachael and Sorkine-Hornung, Olga and Stewart, Ann and Stewart, Emma and Stewart, Patricia and Terras, Melissa and Walsh, Bernadette and Ward, Laurence and Yamada, Liz and Weyrich, Tim},
title = {Digitally Reconstructing The Great Parchment Book: {3D} recovery of fire-damaged historical documents},
journal = {Digital Scholarship in the Humanities},
year = 2016,
month = dec,
day = 13,
publisher = {Oxford University Press},
issn = {1477-4615},
}
@inproceedings{Messmer:Animato:2016,
author = {Stefan Messmer and Signe Fleischmann and Olga Sorkine-Hornung},
title = {Animato: 2{D} Shape Deformation and Animation on Mobile Devices},
booktitle = {Proceedings of ACM SIGGRAPH ASIA Symposium on Mobile Graphics and Interactive Applications},
year = {2016},
month = {December}
}
@inproceedings{Wolff:NoiseRemovalFor3DReconstruction:2016,
author = {Katja Wolff and Changil Kim and Henning Zimmer and Christopher Schroers and Mario Botsch and Olga Sorkine-Hornung and Alexander Sorkine-Hornung},
title = {Point Cloud Noise and Outlier Removal for Image-Based 3D Reconstruction},
booktitle = {Proceedings of International Conference on 3{D} Vision ({3DV})},
year = {2016},
month = {October}
}
@inproceedings{Yucer:DepthFromGradient:2016,
author = {Kaan Y\"{u}cer and Changil Kim and Alexander Sorkine-Hornung and Olga Sorkine-Hornung},
title = {Depth from Gradients in Dense Light Fields for Object Reconstruction},
booktitle = {Proceedings of International Conference on 3{D} Vision ({3DV})},
year = {2016},
month = {October}
}
@article{Dots:NatureComm:2016,
author = {Bergert, Martin and Lendenmann, Tobias and Z\"undel, Manuel and Ehret, Alexander E. and Panozzo, Daniele and Richner, Patrizia and Kim, David K. and Kress, Stephan J. P. and Norris, David J. and Sorkine-Hornung, Olga and Mazza, Edoardo and Poulikakos, Dimos and Ferrari, Aldo},
title = {Confocal reference free traction force microscopy},
journal = {Nature Communications},
year = {2016},
month = {09},
volume = {7},
}
@inproceedings{Prevost:BMM:2016,
author = {Romain Pr\'{e}vost and Moritz B\"{a}cher and Wojciech Jarosz and Olga Sorkine-Hornung},
title = {Balancing 3{D} Models with Movable Masses},
booktitle = {Proceedings of the Symposium on Vision, Modeling and Visualization (VMV)},
publisher = {Eurographics Association},
year = {2016},
}
@book{ImageContentRetargeting:Book:2016,
author = {Alessandro Artusi and Francesco Banterle and Tun{\c{c}} Ozan Ayd{\i}n and Daniele Panozzo and Olga Sorkine-Hornung},
title = {Image Content Retargeting: Maintaining Color, Tone, and Spatial Consistency},
publisher = {A K Peters/CRC Press},
year = {2016},
}
@article{Schueller:Thermoforming:2016,
author = {Christian Sch\"{u}ller and Daniele Panozzo and Anselm Grundh\"{o}fer and Henning Zimmer and Evgeni Sorkine and Olga Sorkine-Hornung},
title = {Computational Thermoforming},
journal = {ACM Transactions on Graphics (Proceedings of ACM SIGGRAPH)},
volume = {35},
number = {4},
year = {2016},
}
@article{Glauser:ATMID:2016,
author = {Oliver Glauser and Wan-Chun Ma and Daniele Panozzo and Alec Jacobson and Otmar Hilliges and Olga Sorkine-Hornung},
title = {Rig Animation with a Tangible and Modular Input Device},
journal = {ACM Transactions on Graphics (Proceedings of ACM SIGGRAPH)},
volume = {35},
number = {4},
year = {2016},
}
@techreport{Rabinovich:SLIM:2016,
author = {Michael Rabinovich and Roi Poranne and Daniele Panozzo and Olga Sorkine-Hornung},
title = {Scalable Locally Injective Mappings},
institution = {ETH Zurich, Department of Computer Science},
year = {2016},
Date-Added = {2016-03-25},
}
@article{Yucer:LightfieldSegmentation:2016,
author = {Kaan Y\"{u}cer and Alexander Sorkine-Hornung and Oliver Wang and Olga Sorkine-Hornung},
title = {Efficient 3{D} Object Segmentation from Densely Sampled Light Fields with Applications to 3{D} Reconstruction},
journal = {ACM Transactions on Graphics},
volume = {35},
number = {3},
year = {2016},
}
@inproceedings{Yucer:Articulated:2015,
author = {Kaan Y\"{u}cer and Oliver Wang and Alexander Sorkine-Hornung and Olga Sorkine-Hornung},
title = {Reconstruction of Articulated Objects from a Moving Camera},
booktitle = {International Conference of Computer Vision Workshops (ICCVW)},
publisher = {IEEE},
year = {2015},
}
@article{SprayPainting:Prevost:2016,
author = {Romain Pr\'{e}vost and Alec Jacobson and Wojciech Jarosz and Olga Sorkine-Hornung},
title = {Large-Scale Painting of Photographs by Interactive Optimization},
journal = {Computers \& Graphics},
year = {2016},
volume = {55},
month = apr,
pages = {108--117},
doi = {10.1016/j.cag.2015.11.001},
}
@misc{SorkineRabinovich:SVD-rotations:2016,
author = {Olga Sorkine-Hornung and Michael Rabinovich},
title = {Least-Squares Rigid Motion Using SVD},
institution = {ETH Zurich, Department of Computer Science},
year = {2016},
note = {Technical note},
}
@article{Jakob2015Instant,
author = {Wenzel Jakob and Marco Tarini and Daniele Panozzo and Olga Sorkine-Hornung},
title = {Instant Field-Aligned Meshes},
journal = {ACM Transactions on Graphics (Proceedings of SIGGRAPH ASIA)},
volume = {34},
number = {6},
year = {2015},
month = nov,
doi = {10.1145/2816795.2818078},
}
@article{SHED:2015,
author = {Yanir Kleiman and Oliver van Kaick and Olga Sorkine-Hornung and Daniel Cohen-Or},
title = {{SHED}: Shape Edit Distance for Fine-grained Shape Similarity},
journal = {ACM Transactions on Graphics (Proceedings of SIGGRAPH ASIA)},
volume = {34},
number = {6},
year = {2015},
month = nov,
}
@book{SamplerGeometryTools:Book:2015,
author = {Daniel Cohen-Or and Chen Greif and Tao Ju and Niloy J. Mitra and Ariel Shamir and Olga Sorkine-Hornung and Hao (Richard) Zhang},
title = {A Sampler of Useful Computational Tools for Applied Geometry, Computer Graphics, and Image Processing},
publisher = {A K Peters/CRC Press},
year = {2015},
}
@book{RealWorldVisualComputing:Book:2015,
editor = {Marcus A. Magnor and Oliver Grau and Olga Sorkine-Hornung and Christian Theobalt},
title = {Digital Representations of the Real World: How to Capture, Model, and Render Visual Reality},
publisher = {A K Peters/CRC Press},
year = {2015},
}
@article{Hydrographics:Panozzo:2015,
author = {Daniele Panozzo and Olga Diamanti and Sylvain Paris and Marco Tarini and Evgeni Sorkine and Olga Sorkine-Hornung},
title = {Texture Mapping Real-World Objects with Hydrographics},
journal = {Computer Graphics Forum (proceedings of EUROGRAPHICS Symposium on Geometry Processing)},
volume = {34},
number = {5},
pages = {65--75},
year = {2015},
}
@article{Zimmer2015Path,
author = {Henning Zimmer and Fabrice Rousselle and Wenzel Jakob and Oliver Wang and David Adler and Wojciech Jarosz and Olga Sorkine-Hornung and Alexander Sorkine-Hornung},
title = {Path-space Motion Estimation and Decomposition for Robust Animation Filtering},
journal = {Computer Graphics Forum (Proceedings of EUROGRAPHICS Symposium on Rendering)},
volume = {34},
number = {4},
pages = {131--142},
year = {2015},
}
@techreport{MagicSprayCan:Prevost:2015,
author = {Romain Pr\'{e}vost and Alec Jacobson and Wojciech Jarosz and Olga Sorkine-Hornung},
title = {Large-Scale Spray Painting of Photographs by Interactive Optimization},
institution = {ETH Zurich},
year = {2015},
}
@article{DDQ:Marcias:2015,
author = {Giorgio Marcias and Kenshi Takayama and Nico Pietroni and Daniele Panozzo and Olga Sorkine-Hornung and Enrico Puppo and Paolo Cignoni},
title = {Data-Driven Interactive Quadrangulation},
journal = {ACM Transactions on Graphics (proceedings of ACM SIGGRAPH)},
volume = {34},
number = {4},
pages = {65:1--65:10},
year = {2015},
}
@article{Integrable:Diamanti:2015,
author = {Olga Diamanti and Amir Vaxman and Daniele Panozzo and Olga Sorkine-Hornung},
title = {Integrable {PolyVector} Fields},
journal = {ACM Transactions on Graphics (proceedings of ACM SIGGRAPH)},
volume = {34},
number = {4},
pages = {38:1-38:12},
year = {2015},
}
@inproceedings{FiedlerSaliency:Perazzi:2015,
author = {Federico Perazzi and Alexander Sorkine-Hornung and Olga Sorkine-Hornung},
title = {Efficient Salient Foreground Detection for Images and Video using Fiedler Vectors},
booktitle = {Proc.\ WICED 2015, 4th Workshop on Intelligent Camera Control, Cinematography and Editing},
year = {2015},
}
@article{TexSynth:Diamanti:2015,
author = {Olga Diamanti and Connelly Barnes and Sylvain Paris and Eli Shechtman and Olga Sorkine-Hornung},
title = {Synthesis of Complex Image Appearance from Limited Exemplars},
journal = {ACM Transactions on Graphics},
volume = {34},
number = {2},
year = {2015},
}
@article{Prevost:VDC:2015,
author = {Romain Pr\'evost and Wojciech Jarosz and Olga Sorkine-Hornung},
title = {A Vectorial Framework for Ray Traced Diffusion Curves},
journal = {Computer Graphics Forum},
volume = {34},
number = {1},
pages = {253--264},
year = {2015},
}
@article{AMS:Schueller:2014,
author = {Christian Sch\"uller and Daniele Panozzo and Olga Sorkine-Hornung},
title = {Appearance-Mimicking Surfaces},
journal = {ACM Transactions on Graphics (proceedings of ACM SIGGRAPH ASIA)},
volume = {33},
number = {6},
year = {2014},
pages = {216:1--216:10},
}
@article{MasonryAssembly:2014,
author = {Mario Deuss and Daniele Panozzo and Emily Whiting and Yang Liu and Philippe Block and Olga Sorkine-Hornung and Mark Pauly},
title = {Assembling Self-Supporting Structures},
journal = {ACM Transactions on Graphics (proceedings of ACM SIGGRAPH ASIA)},
volume = {33},
number = {6},
year = {2014},
pages = {214:1--214:10},
}
@article{Takayama:FacetOrientation:2014,
author = {Takayama, Kenshi and Jacobson, Alec and Kavan, Ladislav and Sorkine-Hornung, Olga},
title = {A Simple Method for Correcting Facet Orientations in Polygon Meshes Based on Ray Casting},
journal = {Journal of Computer Graphics Techniques (JCGT)},
volume = {3},
number = {4},
pages = {53--63},
year = {2014},
}
@techreport{Takayama:Winding:2014,
author = {Takayama, Kenshi and Jacobson, Alec and Kavan, Ladislav and Sorkine-Hornung, Olga},
title = {Consistently Orienting Facets in Polygon Meshes by Minimizing the Dirichlet Energy of Generalized Winding Numbers},
institution = {ETH Zurich},
year = {2014},
}
@article{Topofilter:Guenther:2014,
author = {David G{\"u}nther and Alec Jacobson and Jan Reininghaus and Hans-Peter Seidel and Olga Sorkine-Hornung and Tino Weinkauf},
title = {Fast and Memory-Efficient Topological Denoising of 2{D} and 3{D} Scalar Fields},
journal = {IEEE Transactions on Visualization and Computer Graphics (Proceedings of IEEE SciVis 2014)},
year = {2014},
month = {December},
volume = {20},
number = {12},
pages ={2585--2594},
}
@article{ComplexRoots:Diamanti:2014,
author = {Olga Diamanti and Amir Vaxman and Daniele Panozzo and Olga Sorkine-Hornung},
title = {Designing $N$-{PolyVector} Fields with Complex Polynomials},
journal = {Computer Graphics Forum (proceedings of EUROGRAPHICS Symposium on Geometry Processing)},
volume = {33},
number = {5},
pages = {1--11},
year = {2014},
}
@article{PatchQuad:Takayama:2014,
author = {Kenshi Takayama and Daniele Panozzo and Olga Sorkine-Hornung},
title = {Pattern-Based Quadrangulation for {$N$}-Sided Patches},
journal = {Computer Graphics Forum (proceedings of EUROGRAPHICS Symposium on Geometry Processing)},
volume = {33},
number = {5},
year = {2014},
pages = {177--184},
}
@article{SpinIt:Baecher:2014,
author = {Moritz B\"acher and Emily Whiting and Bernd Bickel and Olga Sorkine-Hornung},
title = {{Spin-It}: Optimizing Moment of Inertia for Spinnable Objects},
journal = {ACM Transactions on Graphics (proceedings of ACM SIGGRAPH)},
volume = {33},
number = {4},
pages = {96:1--96:10},
year = {2014},
}
@article{Panozzo:2014,
author = {Daniele Panozzo and Enrico Puppo and Marco Tarini and Olga Sorkine-Hornung},
title = {Frame Fields: Anisotropic and Non-Orthogonal Cross Fields},
journal = {ACM Transactions on Graphics (proceedings of ACM SIGGRAPH)},
volume = {33},
number = {4},
pages = {134:1--134:11},
year = {2014},
}
@article{Jacobson:TMIDCA:2014,
author = {Alec Jacobson and Daniele Panozzo and Oliver Glauser and C{\'e}dric Pradalier and Otmar Hilliges and Olga Sorkine-Hornung},
title = {Tangible and Modular Input Device for Character Articulation},
journal = {ACM Transactions on Graphics (proceedings of ACM SIGGRAPH)},
volume = {33},
number = {4},
pages = {82:1--82:12},
year = {2014},
}
@article{Metarep:2014,
author = {Noa Fish and Melinos Averkiou and Oliver van Kaick and Olga Sorkine-Hornung and Daniel Cohen-Or and Niloy J. Mitra},
title = {Metarepresentation of Shape Families},
journal = {ACM Transactions on Graphics (proceedings of ACM SIGGRAPH)},
volume = {33},
number = {4},
pages = {34:1--34:11},
year = {2014},
}
@incollection{ShellBookChapter:2014,
author = {Tom Van Mele and Daniele Panozzo and Olga Sorkine-Hornung and Philippe Block},
title = {Best-fit thrust network analysis: rationalization of freeform meshes},
booktitle = {Shell Structures for Architecture: Form Finding and Optimization},
pages = {157--168},
publisher = {Routledge},
year = {2014},
editor = {Sigrid Adriaenssens and Philippe Block and Diederik Veenendaal and Chris Williams},
chapter = {13},
isbn = {978-0415840590},
}
@misc{libigl,
title = {{libigl}: A simple {C++} geometry processing library},
author = {Alec Jacobson and Daniele Panozzo and others},
note = {http://igl.ethz.ch/projects/libigl/},
year = {2013},
}
@article{SkinningLighting:2014,
author = {Marco Tarini and Daniele Panozzo and Olga Sorkine-Hornung},
title = {Accurate and Efficient Lighting for Skinned Models},
journal = {Computer Graphics Forum (proceedings of EUROGRAPHICS issue)},
volume = {33},
number = {2},
pages = {421--428},
year = {2014},
}
@article{Parchment:2014,
author = {Kazim Pal and Christian Sch{\"u}ller and Daniele Panozzo and Olga Sorkine-Hornung and Tim Weyrich},
title = {Content-Aware Surface Parameterization for Interactive Restoration of Historical Documents},
journal = {Computer Graphics Forum (proceedings of EUROGRAPHICS issue)},
volume = {33},
number = {2},
year = {2014},
}
@article{IndoorScanning:Mattausch:2014,
author = {Oliver Mattausch and Daniele Panozzo and Claudio Mura and Olga Sorkine-Hornung and Renato Pajarola},
title = {Object Detection and Classification from Large-Scale Cluttered Indoor Scans},
journal = {Computer Graphics Forum (proceedings of EUROGRAPHICS issue)},
volume = {33},
number = {2},
year = {2014},
}
@article{InkAndRay:2014,
author = {Daniel S\'{y}kora and Ladislav Kavan and Martin \v{C}ad\'{i}k and Ond\v{r}ej Jamri\v{s}ka and Alec Jacobson and Brian Whited and Maryann Simmons and Olga Sorkine-Hornung},
title = {Ink-and-Ray: Bas-Relief Meshes for Adding Global Illumination Effects to Hand-Drawn Characters},
journal = {ACM Transactions on Graphics},
volume = {33},
number = {2},
pages = {16:1--16:15},
year = {2014},
}
@article{Bermano:Facial:2014,
author = {Amit Bermano and Derek Bradley and Thabo Beeler Fabio Z\"und and Derek Nowrouzezahrai and Ilya Baran and Olga Sorkine-Hornung and Hanspeter Pfister and Robert Sumner and Bernd Bickel and Markus Gross},
title = {Facial Performance Enhancement using Dynamic Shape Space Analysis},
journal = {ACM Transactions on Graphics},
volume = {33},
number = {2},
pages = {13:1--13:12},
year = {2014},
}
@inproceedings{Yucer:TransfusiveWeights:2013,
author = {Kaan Y\"{u}cer and Alexander Sorkine-Hornung and Olga Sorkine-Hornung},
title = {Transfusive Weights for Content-Aware Image Manipulation},
booktitle = {Proceedings of the Symposium on Vision, Modeling and Visualization (VMV)},
publisher = {Eurographics Association},
year = {2013},
}
@inproceedings{mir:2013,
author = {Daniel Graf and
Daniele Panozzo and
Olga Sorkine-Hornung},
title = {Mobile Image Retargeting},
booktitle = {Proceedings of the Symposium on Vision, Modeling and Visualization (VMV)},
publisher = {Eurographics Association},
year = {2013},
}
@article{MASONRY:2013,
author = {Daniele Panozzo and Philippe Block and Olga Sorkine-Hornung},
title = {Designing Unreinforced Masonry Models},
journal = {ACM Transactions on Graphics (proceedings of ACM SIGGRAPH)},
volume = {32},
number = {4},
year = {2013},
pages = {91:1--91:12},
}
@article{Panozzo:WA:2013,
author = {Daniele Panozzo and Ilya Baran and Olga Diamanti and Olga Sorkine-Hornung},
title = {Weighted Averages on Surfaces},
journal = {ACM Transactions on Graphics (proceedings of ACM SIGGRAPH)},
volume = {32},
number = {4},
year = {2013},
pages = {60:1--60:12},
}
@article{SketchRetopo:2013,
author = {Kenshi Takayama and Daniele Panozzo and Alexander Sorkine-Hornung and Olga Sorkine-Hornung},
title = {Sketch-Based Generation and Editing of Quad Meshes},
journal = {ACM Transactions on Graphics (proceedings of ACM SIGGRAPH)},
volume = {32},
number = {4},
year = {2013},
pages = {97:1--97:8},
}
@article{Prevost:MIS:2013,
author = {Romain Pr\'evost and Emily Whiting and Sylvain Lefebvre and Olga Sorkine-Hornung},
title = {{Make It Stand}: Balancing Shapes for 3{D} Fabrication},
journal = {ACM Transactions on Graphics (proceedings of ACM SIGGRAPH)},
volume = {32},
number = {4},
year = {2013},
pages = {81:1--81:10},
}
@article{Jacobson:WN:2013,
author = {Alec Jacobson and Ladislav Kavan and Olga Sorkine-Hornung},
title = {Robust Inside-Outside Segmentation using Generalized Winding Numbers},
journal = {ACM Transactions on Graphics (proceedings of ACM SIGGRAPH)},
volume = {32},
number = {4},
year = {2013},
pages = {33:1--33:12},
}
@article{Schueller:LIM:2013,
author = {Christian Sch{\"u}ller and Ladislav Kavan and Daniele Panozzo and Olga Sorkine-Hornung},
title = {Locally Injective Mappings},
journal = {Computer Graphics Forum (proceedings of EUROGRAPHICS/ACM SIGGRAPH Symposium on Geometry Processing)},
volume = {32},
number = {5},
year = {2013},
pages = {125--135},
}
@article{Sacht:SelfIntersectingVolumes:2013,
author = {Leonardo Sacht and Alec Jacobson and Daniele Panozzo and Christian Sch{\"u}ller and Olga Sorkine-Hornung},
title = {Consistent Volumetric Discretizations Inside Self-Intersecting Surfaces},
journal = {Computer Graphics Forum (proceedings of EUROGRAPHICS/ACM SIGGRAPH Symposium on Geometry Processing)},
volume = {32},
number = {5},
year = {2013},
pages = {147--156},
}
@article{Marcias:AnimationAwareQuads:2013,
author = {Giorgio Marcias and Nico Pietroni and Daniele Panozzo and Enrico Puppo and Olga Sorkine-Hornung},
title = {Animation-Aware Quadrangulation},
journal = {Computer Graphics Forum (proceedings of EUROGRAPHICS/ACM SIGGRAPH Symposium on Geometry Processing)},
volume = {32},
number = {5},
year = {2013},
pages = {167--175},
}
@article{Chaurasia:IBR:2013,
author = {Gaurav Chaurasia and Sylvain Duch\^ene and Olga Sorkine-Hornung and George Drettakis},
title = {Depth Synthesis and Local Warps for Plausible Image-based Navigation},
journal = {ACM Transactions on Graphics},
volume = {32},
number = {3},
year = {2013},
pages = {30:1--30:12},
keywords = {Image-based rendering, image warp, superpixels, variational warp, wide baseline, multi-view stereo},
}
@article{Kaufmann:WarpFEM:2013,
author = {Peter Kaufmann and Oliver Wang and Alexander Sorkine-Hornung and Olga Sorkine-Hornung and Aljoscha Smolic and Markus Gross},
title = {Finite Element Image Warping},
journal = {Computer Graphics Forum (proceedings of EUROGRAPHICS)},
volume = {32},
number = {2},
year = {2013},
pages = {31--39},
}
@incollection{3DVideoBook:2013,
author = {Oliver Wang and Manuel Lang and Nikolce Stefanoski and Alexander Hornung and Olga Sorkine and Aljoscha Smolic and Markus Gross},
title = {Image domain warping for stereoscopic 3{D} applications},
booktitle = {Emerging technologies for 3{D} video: creation, coding, transmission and rendering},
pages = {223--233},
publisher = {Wiley},
year = {2013},
editor = {Frederic Dufaux and B\'eatrice Pesquet-Popescu and Marco Cagnazzo},
chapter = {11},
isbn = {978-1-118-35511-4},
}
@article{EID:2012,
author = {Ladislav Kavan and Olga Sorkine},
title = {Elasticity-Inspired Deformers for Character Articulation},
journal = {ACM Transactions on Graphics (proceedings of ACM SIGGRAPH ASIA)},
volume = {31},
number = {6},
year = {2012},
pages = {196:1--196:8},
}
@article{TIM:2012,
author = {Kaan Y\"{u}cer and Alec Jacobson and Alexander Hornung and Olga Sorkine},
title = {Transfusive Image Manipulation},
journal = {ACM Transactions on Graphics (proceedings of ACM SIGGRAPH ASIA)},
volume = {31},
number = {6},
year = {2012},
pages = {176:1--176:9},
}
@inproceedings{MediaRetargetingCourse:2012,
author = {Ariel Shamir and Alexander Hornung and Olga Sorkine},
title = {Modern Approaches to Media Retargeting},
booktitle = {ACM SIGGRAPH ASIA Courses},
year = {2012},
}
@article{Jacobson:MONO:2012,
author = {Alec Jacobson and Tino Weinkauf and Olga Sorkine},
title = {Smooth Shape-Aware Functions with Controlled Extrema},
journal = {Computer Graphics Forum (proceedings of EUROGRAPHICS/ACM SIGGRAPH Symposium on Geometry Processing)},
volume = {31},
pages = {1577--1586},
number = {5},
year = {2012},
}
@article{Jacobson:FAST:2012,
author = {Alec Jacobson and Ilya Baran and Ladislav Kavan and Jovan Popovi{\'{c}} and Olga Sorkine},
title = {Fast Automatic Skinning Transformations},
journal = {ACM Transactions on Graphics (proceedings of ACM SIGGRAPH)},
volume = {31},
number = {4},
year = {2012},
pages = {77:1--77:10},
}
@techreport{Jacobson:IS:2012,
author = {Jacobson, Alec and Sorkine, Olga},
title = {A Cotangent {L}aplacian for Images as Surfaces},
institution = {ETH Zurich},
month = {April},
year = {2012},
number = 757,
}
@article{AAIR:Panozzo:2012,
author = {Daniele Panozzo and Ofir Weber and Olga Sorkine},
title = {Robust Image Retargeting via Axis-Aligned Deformation},
journal = {Computer Graphics Forum (proceedings of EUROGRAPHICS)},
volume = {31},
number = {2},
year = {2012},
pages = {229--236},
}
@article{STBS:2011,
author = {Alec Jacobson and Olga Sorkine},
title = {Stretchable and Twistable Bones for Skeletal Shape Deformation},
journal = {ACM Transactions on Graphics (proceedings of ACM SIGGRAPH ASIA)},
volume = {30},
number = {6},
year = {2011},
pages = {165:1--165:8},
}
@article{ContactAwareModeling:2011,
author = {David Harmon and Daniele Panozzo and Olga Sorkine and Denis Zorin},
title = {Interference Aware Geometric Modeling},
journal = {ACM Transactions on Graphics (proceedings of ACM SIGGRAPH ASIA)},
volume = {30},
number = {6},
year = {2011},
pages = {137:1--137:10},
}
@article{RangemapParam:2011,
author = {Nico Pietroni and Marco Tarini and Olga Sorkine and Denis Zorin},
title = {Global Parametrization of Range Image Sets},
journal = {ACM Transactions on Graphics (proceedings of ACM SIGGRAPH ASIA)},
volume = {30},
number = {6},
year = {2011},
pages = {149:1--149:10},
}
@article{BBW:2011,
author = {Alec Jacobson and Ilya Baran and Jovan Popovi{\'{c}} and Olga Sorkine},
title = {Bounded Biharmonic Weights for Real-Time Deformation},
journal = {ACM Transactions on Graphics (proceedings of ACM SIGGRAPH)},
volume = {30},
number = {4},
year = {2011},
pages = {78:1--78:8},
}
@article{SVR:2011,
author = {Yu-Shuen Wang and Jen-Hung Hsiao and Olga Sorkine and Tong-Yee Lee},
title = {Scalable and Coherent Video Resizing with Per-Frame Optimization},
journal = {ACM Transactions on Graphics (proceedings of ACM SIGGRAPH)},
volume = {30},
number = {4},
year = {2011},
pages = {88:1--88:8},
}
@article{WarpIBR:2011,
author = {Chaurasia, Gaurav and Sorkine, Olga and Drettakis, George},
title = {Silhouette-Aware Warping for Image-Based Rendering},
journal = {Computer Graphics Forum (Proceedings of the EUROGRAPHICS Symposium on Rendering)},
number = {4},
volume = {30},
year = {2011},
pages = {1223--1232},
keywords = {Image-based rendering, image warping, optimization, silhouette, multi-view stereo},
url = {http://www-sop.inria.fr/reves/Basilic/2011/CSD11},
}
@inproceedings{FeatureEdit:2011,
author = {Qingnan Zhou and Tino Weinkauf and Olga Sorkine},
title = {Feature-Based Mesh Editing},
booktitle = {Proc.\ EUROGRAPHICS, Short Papers},
year = {2011},
}
@inproceedings{Cusps:2011,
author = {Tino Weinkauf and Holger Theisel and Olga Sorkine},
title = {Cusps of Characteristic Curves and Intersection-Aware Visualization of Path and Streak Lines},
booktitle = {Proc.\ TopoInVis},
year = {2011},
month = {April},
day = {4 - 6},
address = {Z\"urich, Switzerland},
}
@article{GeoBrush:2011,
author = {Kenshi Takayama and Ryan Schmidt and Karan Singh and Takeo Igarashi and Tamy Boubekeur and Olga Sorkine},
title = {GeoBrush: Interactive Mesh Geometry Cloning},
journal = {Computer Graphics Forum (proceedings of EUROGRAPHICS)},
volume = {30},
number = {2},
year = {2011},
pages = {613--622},
}
@article{TemplateMatching:2011,
author = {I-Cheng Yeh and Chao-Hung Lin and Olga Sorkine and Tong-Yee Lee},
title = {Template-based 3{D} Model Fitting Using Dual-Domain Relaxation},
journal = {IEEE Transactions on Visualization and Computer Graphics},
year = {2011},
volume = {17},
number = {8},
pages = {1178--1190},
doi = {http://doi.ieeecomputersociety.org/10.1109/TVCG.2010.124},
}
@article{DiffusionSurfaces:2010,
author = {Kenshi Takayama and Olga Sorkine and Andrew Nealen and Takeo Igarashi},
title = {Volumetric Modeling with Diffusion Surfaces},
journal = {ACM Transactions on Graphics (proceedings of ACM SIGGRAPH ASIA)},
year = {2010},
volume = {29},
number = {5},
pages = {180:1--180:8},
}
@article{RetargetMe:2010,
author = {Michael Rubinstein and Diego Gutierrez and Olga Sorkine and Ariel Shamir},
title = {A Comparative Study of Image Retargeting},
journal = {ACM Transactions on Graphics (proceedings of ACM SIGGRAPH ASIA)},
year = {2010},
volume = {29},
number = {5},
pages = {160:1--160:10},
}
@article{MixedFEM:2010,
author = {Alec Jacobson and Elif Tosun and Olga Sorkine and Denis Zorin},
title = {Mixed Finite Elements for Variational Surface Modeling},
journal = {Computer Graphics Forum (proceedings of EUROGRAPHICS/ACM SIGGRAPH Symposium on Geometry Processing)},
year = {2010},
volume = {29},
number = {5},
pages = {1565--1574},
}
@article{CropWarp:2010,
author = {Yu-Shuen Wang and Hui-Chih Lin and Olga Sorkine and Tong-Yee Lee},
title = {Motion-based Video Retargeting with Optimized Crop-and-Warp},
journal = {ACM Transactions on Graphics (proceedings of ACM SIGGRAPH)},
year = {2010},
volume = {29},
number = {4},
pages = {90:1--90:9},
}
@article{TopoSmooth:2010,
author = {Tino Weinkauf and Yotam Gingold and Olga Sorkine},
title = {Topology-based Smoothing of 2{D} Scalar Fields with {C1}-Continuity},
journal = {Computer Graphics Forum (proceedings of EuroVis)},
volume = {29},
year = {2010},
number = {3},
pages = {1221--1230},
}
@inproceedings{rTMO:2010,
author = {Belen Masia and Roland Fleming and Olga Sorkine and Diego Gutierrez},
title = {Selective Reverse Tone Mapping},
booktitle = {Proceedings of CEIG},
year = {2010},
pages = {135--144},
}
@inproceedings{VisualMediaRetargeting:2009,
author = {Ariel Shamir and Olga Sorkine},
title = {Visual Media Retargeting},
booktitle = {ACM SIGGRAPH ASIA Courses},
year = {2009},
}
@article{rTMO:2009,
author = {Belen Masia and Sandra Agustin and Roland Fleming and Olga Sorkine and Diego Gutierrez},
title = {Evaluation of Reverse Tone Mapping through Varying Exposure Conditions},
journal = {ACM Transactions on Graphics (proceedings of ACM SIGGRAPH ASIA)},
year = {2009},
volume = {28},
number = {5},
pages = {160:1--160:8},
}
@article{VideoResize:2009,
author = {Yu-Shuen Wang and Hongbo Fu and Olga Sorkine and Tong-Yee Lee and Hans-Peter Seidel},
title = {Motion-Aware Temporal Coherence for Video Resizing},
journal = {ACM Transactions on Graphics (proceedings of ACM SIGGRAPH ASIA)},
year = {2009},
volume = {28},
number = {5},
pages = {127:1--127:10},
}
@article{iWires:2009,
author = {Ran Gal and Olga Sorkine and Niloy Mitra and Daniel Cohen-Or},
title = {{i\textsc{Wires}}: An Analyze-and-Edit Approach to Shape Manipulation},
journal = {ACM Transactions on Graphics (proceedings of ACM SIGGRAPH)},
volume = {28},
number = {3},
year = {2009},
pages = {33:1--33:10},
}
@inproceedings{DeformationTutorial:2009,
author = {Olga Sorkine and Mario Botsch},
title = {Tutorial: Interactive Shape Modeling and Deformation},
booktitle = {EUROGRAPHICS},
year = {2009},
}
@article{Resizing:2008,
author = {Yu-Shuen Wang and Chiew-Lan Tai and Olga Sorkine and Tong-Yee Lee},
title = {Optimized Scale-and-Stretch for Image Resizing},
journal = {ACM Transactions on Graphics (proceedings of ACM SIGGRAPH ASIA)},
volume = {27},
number = {5},
year = {2008},
pages = {118:1--118:8},
}
@inproceedings{ExposureCEIG:2008,
author = {Miguel Martin and Roland Fleming and Olga Sorkine and Diego Gutierrez},
title = {Understanding exposure for reverse tone mapping},
booktitle = {Proceedings of CEIG},
year = {2008},
pages = {189--198},
publisher = {EG Spanish Chapter},
}
@article{DeformationSurvey:2008,
author = {Mario Botsch and Olga Sorkine},
title = {On linear variational surface deformation methods},
journal = {IEEE Transactions on Visualization and Computer Graphics},
year = {2008},
volume = {14},
number = {1},
pages = {213--230},
}
@inproceedings{VMV:2007,
author = {Mathias Eitz and Olga Sorkine and Marc Alexa},
title = {Sketch Based Image Deformation},
booktitle = {Proceedings of the Symposium on Vision, Modeling and Visualization (VMV)},
year = {2007},
pages = {135--142},
}
@inproceedings{SIMOD:2007,
author = {Tamy Boubekeur and Olga Sorkine and Christophe Schlick},
title = {{SIMOD}: Making Freeform Deformation Size-Insensitive},
booktitle = {Proceedings of IEEE/EUROGRAPHICS Symposium on Point-Based Graphics},
year = {2007},
pages = {47-56},
}
@inproceedings{ARAP_modeling:2007,
author = {Olga Sorkine and Marc Alexa},
title = {As-Rigid-As-Possible Surface Modeling},
booktitle = {Proceedings of EUROGRAPHICS/ACM SIGGRAPH Symposium on Geometry Processing},
year = {2007},
pages = {109--116},
}
@inproceedings{SIMODsketch:2007,
author = {Tamy Boubekeur and Olga Sorkine and Christophe Schlick},
title = {Scalable Freeform Deformation},
booktitle = {Proceedings of ACM SIGGRAPH 2007, Technical Sketches},
year = {2007},
}
@inproceedings{Collage3D:2007,
author = {Ran Gal and Olga Sorkine and Tiberiu Popa and Alla Sheffer and Daniel Cohen-Or},
title = {3{D} Collage: Expressive Non-Realistic Modeling},
booktitle = {NPAR: Proceedings of the 5th International Symposium on Non-Photorealistic Animation and Rendering},
year = {2007},
pages = {7--14},
publisher = {ACM Press},
}
@article{Skinning:2007,
author = {Ofir Weber and Olga Sorkine and Yaron Lipman and Craig Gotsman},
title = {Context-Aware Skeletal Shape Deformation},
journal = {Computer Graphics Forum (Proceedings of EUROGRAPHICS)},
volume = {26},
number = {3},
pages = {265--273},
year = {2007},
}
@article{FiberMesh:2007,
author = {Andrew Nealen and Takeo Igarashi and Olga Sorkine and Marc Alexa},
title = {{FiberMesh}: Designing Freeform Surfaces with 3{D} Curves},
journal = {ACM Transactions on Graphics (Proceedings of ACM SIGGRAPH)},
volume = {26},
number = {3},
year = {2007},
pages = {article no.\ 41},
}
@techreport{FiberMeshTechRep:2007,
author = {Andrew Nealen and Olga Sorkine},
title = {A Note on Boundary Constraints for Linear Variational Surface Design},
year = {2007},
institution = {Technische Universit{\"a}t Berlin},
}
@inproceedings{LapMeshOptimization:2006,
author = {Andrew Nealen and Takeo Igarashi and Olga Sorkine and Marc Alexa},
title = {Laplacian mesh optimization},
booktitle = {Proceedings of ACM GRAPHITE},
year = {2006},
pages = {381--389},
}
@inproceedings{FeatureAware:2006,
author = {Ran Gal and Olga Sorkine and Daniel Cohen-Or},
title = {Feature-aware texturing},
booktitle = {Proceedings of EUROGRAPHICS Symposium on Rendering},
year = {2006},
pages = {297--303},
}
@inproceedings{Collage3D:2006,
author = {Ran Gal and Olga Sorkine and Tiberiu Popa and Alla Sheffer and Daniel Cohen-Or},
title = {Non-Realistic Expressive Modeling},
booktitle = {ACM SIGGRAPH 2006, Technical Sketches},
year = {2006},
}
@article{Harmonization:2006,
author = {Daniel Cohen-Or and Olga Sorkine and Ran Gal and Tommer Leyvand and Ying-Qing Xu},
title = {Color Harmonization},
journal = {ACM Transactions on Graphics (Proceedings of ACM SIGGRAPH)},
year = {2006},
volume = {25},
number = {3},
pages = {624--630},
publisher = {ACM Press},
}
@article{HighpassAnalysis:2005,
title = {Algebraic Analysis of High-Pass Quantization},
author = {Doron Chen and Daniel Cohen-Or and Olga Sorkine and Sivan Toledo},
journal = {ACM Transactions on Graphics},
volume = {24},
number = {4},
year = {2005},
pages = {1259--1282},
publisher = {ACM Press},
}
@article{LaplacianSTAR:2006,
title = {Differential Representations for Mesh Processing},
author = {Olga Sorkine},
journal = {Computer Graphics Forum},
volume = {25},
number = {4},
year = {2006},
pages = {789--807},
publisher = {Blackwell},
}
@article{RotInv:2005,
author = {Yaron Lipman and Olga Sorkine and David Levin and Daniel Cohen-Or},
title = {Linear Rotation-invariant Coordinates for Meshes},
journal = {ACM Transactions on Graphics (Proceedings of ACM SIGGRAPH)},
year = {2005},
volume = {24},
pages = {479--487},
number = {3},
publisher = {ACM Press},
}
@article{SketchBasedEditing:2005,
author = {Andrew Nealen and Olga Sorkine and Marc Alexa and Daniel Cohen-Or},
title = {A Sketch-Based Interface for Detail-Preserving Mesh Editing},
journal = {ACM Transactions on Graphics (Proceedings of ACM SIGGRAPH)},
year = {2005},
volume = {24},
pages = {1142--1147},
number = {3},
publisher = {ACM Press},
}
@article{GeoAwareBases:2005,
title = {Geometry-Aware Bases for Shape Approximation},
author = {Olga Sorkine and Daniel Cohen-Or and Dror Irony and Sivan Toledo},
journal = {IEEE Transactions on Visualization and Computer Graphics},
volume = {11},
number = {2},
year = {2005},
pages = {171--180},
}
@inproceedings{LaplacianMeshEditing:2004,
author = {Olga Sorkine and Daniel Cohen-Or and Yaron Lipman and Marc Alexa and Christian R\"{o}ssl and Hans-Peter Seidel},
title = {Laplacian Surface Editing},
booktitle = {Proceedings of the EUROGRAPHICS/ACM SIGGRAPH Symposium on Geometry Processing},
year = {2004},
pages = {179--188},
publisher = {ACM Press},
location = {Nice, France},
}
@inproceedings{LSmeshes:2004,
author = {Olga Sorkine and Daniel Cohen-Or},
title = {Least-squares Meshes},
booktitle = {Proceedings of Shape Modeling International},
year = {2004},
pages = {191--199},
location = {Genova, Italy},
publisher = {IEEE Computer Society Press},
}
@inproceedings{DiffCoordsEditing:2004,
author = {Yaron Lipman and Olga Sorkine and Daniel Cohen-Or and David Levin and Christian R\"{o}ssl and Hans-Peter Seidel},
title = {Differential Coordinates for Interactive Mesh Editing},
booktitle = {Proceedings of Shape Modeling International},
year = {2004},
pages = {181--190},
location = {Genova, Italy},
publisher = {IEEE Computer Society Press},
}
@article{LaplacianMeshEditingIJSM:2005,
author = {Yaron Lipman and Olga Sorkine and Marc Alexa and Daniel Cohen-Or and David Levin and Christian R\"{o}ssl and Hans-Peter Seidel},
title = {Laplacian Framework for Interactive Mesh Editing},
journal = {International Journal of Shape Modeling (IJSM)},
year = {2005},
volume = {11},
number = {1},
pages = {43--61},
}
@inproceedings{Highpass:2003,
author = {Olga Sorkine and Daniel Cohen-Or and Sivan Toledo},
title = {High-pass quantization for mesh encoding},
booktitle = {Proceedings of the EUROGRAPHICS/ACM SIGGRAPH Symposium on Geometry Processing},
year = {2003},
pages = {42--51},
publisher = {EUROGRAPHICS Association},
location = {Aachen, Germany},
}
@article{RaySpaceFactorization:2003,
author = {Tommer Leyvand and Olga Sorkine and Daniel Cohen-Or},
title = {Ray space factorization for from-region visibility},
journal = {ACM Transactions on Graphics (Proceedings of ACM SIGGRAPH)},
year = {2003},
volume = {22},
pages = {595--604},
number = {3},
publisher = {ACM Press},
}
@inproceedings{BoundedDistortParam:2002,
author = {Olga Sorkine and Daniel Cohen-Or and Rony Goldenthal and Dani Lischinski},
title = {Bounded-distortion piecewise mesh parameterization},
booktitle = {Proceedings of IEEE Visualization},
year = {2002},
pages = {355--362},
publisher = {IEEE Computer Society},
location = {Boston, Massachusetts},
}
@inproceedings{WarpedTextures:2001,
author = {Olga Sorkine and Daniel Cohen-Or },
title = {Warped textures for uv-mapping encoding},
booktitle = {Proceedings of EUROGRAPHICS, short papers volume},
year = {2001},
}
@ARTICLE{LapEditingSpecialIssue:2005,
author = {Yaron Lipman and Olga Sorkine and Marc Alexa and Daniel Cohen-Or and David Levin and Christian R{\"o}ssl and Hans-Peter Seidel},
title = {Laplacian Framework for Interactive Mesh Editing},
journal = {International Journal of Shape Modeling},
year = {2005},
volume = {11},
pages = {43--62},
number = {1},
}
@phdthesis{OlgaThesis:2006,
author = {Olga Sorkine},
title = {Laplacian Mesh Processing},
school = {School of Computer Science, Tel Aviv University},
year = {2006},
}
